@article{holling1959components,
  title={The components of predation as revealed by a study of small-mammal predation of the European pine sawfly},
  author={Holling, Crawford S},
  journal={The Canadian Entomologist},
  volume={91},
  number={5},
  pages={293--320},
  year={1959},
  publisher={Cambridge University Press}
}

@article{dawes2013derivation,
  title={A derivation of Holling's type I, II and III functional responses in predator--prey systems},
  author={Dawes, JHP and Souza, MO},
  journal={Journal of theoretical biology},
  volume={327},
  pages={11--22},
  year={2013},
  publisher={Elsevier}
}

@article{geritz2012mechanistic,
  title={A mechanistic derivation of the DeAngelis--Beddington functional response},
  author={Geritz, Stefan and Gyllenberg, Mats},
  journal={Journal of theoretical biology},
  volume={314},
  pages={106--108},
  year={2012},
  publisher={Elsevier}
}

@article{cantrell2001dynamics,
  title={On the dynamics of predator--prey models with the Beddington--DeAngelis functional response},
  author={Cantrell, Robert Stephen and Cosner, Chris},
  journal={Journal of Mathematical Analysis and Applications},
  volume={257},
  number={1},
  pages={206--222},
  year={2001},
  publisher={Academic Press}
}

@article{cadet2006quantitative,
  title={Quantitative analysis, infrared},
  author={Cadet, Fr{\'e}d{\'e}ric and Garrigues, Salvador and de la Guardia, Miguel},
  journal={Encyclopedia of Analytical Chemistry: Applications, Theory and Instrumentation},
  year={2006},
  publisher={Wiley Online Library}
}

@article{pawar2012dimensionality,
  title={Dimensionality of consumer search space drives trophic interaction strengths},
  author={Pawar, Samraat and Dell, Anthony I and Savage, Van M},
  journal={Nature},
  volume={486},
  number={7404},
  pages={485--489},
  year={2012},
  publisher={Nature Publishing Group}
}

@article{elzhov2016package,
  title={Package ‘minpack. lm’},
  author={Elzhov, Timur V and Mullen, Katharine M and Spiess, Andrej-Nikolai and Bolker, Ben and Mullen, Maintainer Katharine M and Suggests, MASS},
  journal={Title R Interface to the Levenberg-Marquardt Nonlinear Least-Squares Algorithm Found in MINPACK, Plus Support for Bounds’. Available at: https://cran. rproject. org/web/packages/minpack. lm/minpack. lm. pdf},
  year={2016}
}